@online{GeeksRNN2024,
  author    = {GeeksforGeeks},
  title     = {Recurrent Neural Networks (RNN) - GeeksforGeeks},
  year      = {2024},
  url       = {https://www.geeksforgeeks.org/recurrent-neural-networks-rnn/},
  note      = {Accessed: 2024-06-01}
}

@misc{NXP2025_datasheet,
  title        = {{MCXNx4x Family: 32-bit Arm Cortex-M33 @ 150 MHz (Datasheet) (N94x and N54x)}},
  author       = {{NXP Semiconductors}},
  year         = {2025},
  howpublished = {\url{https://www.nxp.com/docs/en/data-sheet/MCXNx4xDS.pdf}},
  note         = {Product Data Sheet, Rev. 7 â€” 25 January 2025}
}

@online{TensorFlowTutorials2024,
  author    = {{TensorFlow}},
  title     = {TensorFlow Tutorials},
  year      = {2024},
  url       = {https://www.tensorflow.org/tutorials?hl=en},
  note      = {Accessed: 2024-06-14}
}

@book{Haykin2009_recurrent,
  author    = {Simon Haykin},
  title     = {Neural Networks and Learning Machines},
  edition   = {3rd},
  year      = {2009},
  publisher = {Pearson Education},
  address   = {Upper Saddle River, NJ},
  isbn      = {978-0-13-147139-9},
  note      = {Zie p. 23}
}
@book{Haykin2009_convolutional,
  author    = {Simon Haykin},
  title     = {Neural Networks and Learning Machines},
  edition   = {3rd},
  year      = {2009},
  publisher = {Pearson Education},
  address   = {Upper Saddle River, NJ},
  isbn      = {978-0-13-147139-9},
  note      = {Zie p. 201}
}

@online{WikipediaPID2024,
  author = {{Wikipedia contributors}},
  title = {PID-regelaar --- Wikipedia{,} de vrije encyclopedie},
  year = {2024},
  url = {https://nl.wikipedia.org/wiki/PID-regelaar},
  note = {Accessed: 2024-06-01}
}

@book{Vijayvargia2018,
  author    = {Abhishek Vijayvargia},
  title     = {Machine Learning with Python: Design and Develop Machine Learning and Deep Learning Systems Using Real-World Examples},
  year      = {2018},
  publisher = {BPB Publications},
  isbn      = {9789386551931}
}

@book{Franklin1995_PID,
  author    = {Stan Franklin},
  title     = {Artificial Minds},
  year      = {1995},
  publisher = {MIT Press},
  address   = {Cambridge, MA},
  isbn      = {9780262560924},
  note      = {Zie p. 293}
}
