@article{Bowker1985,
  doi = {10.2307/2617706},
  url = {https://doi.org/10.2307/2617706},
  year = {1985},
  publisher = {Oxford University Press ({OUP})},
  volume = {61},
  number = {4},
  pages = {607--618},
  author = {Mike Bowker and Phil Williams},
  title = {Helsinki and West European Security},
  journal = {International Affairs}
}
@online{GeeksRNN2024,
  author    = {GeeksforGeeks},
  title     = {Recurrent Neural Networks (RNN) - GeeksforGeeks},
  year      = {2024},
  url       = {https://www.geeksforgeeks.org/recurrent-neural-networks-rnn/},
  note      = {Accessed: 2024-06-01}
}

@online{WikipediaPID2025,
  author = {{Wikipedia contributors}},
  title = {PID-regelaar --- Wikipedia{,} de vrije encyclopedie},
  year = {2025},
  url = {https://nl.wikipedia.org/wiki/PID-regelaar},
  note = {Accessed: 2025-06-14}
}


@misc{NXP2025_datasheet,
  title        = {{MCXNx4x Family: 32-bit Arm Cortex-M33 @ 150 MHz (Datasheet) (N94x and N54x)}},
  author       = {{NXP Semiconductors}},
  year         = {2025},
  howpublished = {\url{https://www.nxp.com/docs/en/data-sheet/MCXNx4xDS.pdf}},
  note         = {Product Data Sheet, Rev. 7 â€” 25 January 2025}
}



